@inproceedings{lorawan2017,
author = {de Carvalho Silva, Jonathan and Rodrigues, Joel and Alberti, Antonio and Šolić, Petar and Aquino, Andre},
year = {2017},
month = {07},
pages = {},
title = {LoRaWAN - A Low Power WAN Protocol for Internet of Things: a Review and Opportunities}
}
